@INPROCEEDINGS{2011ASPC..442..579H,
   author = {{Holliman}, M. and {Alemu}, T. and {Hume}, A. and {van Hemert}, J. and 
	{Mann}, R.~G. and {Noddle}, K. and {Valkonen}, L.},
    title = "{Service Infrastructure for Cross-Matching Distributed Datasets Using OGSA-DAI and TAP}",
booktitle = {Astronomical Data Analysis Software and Systems XX},
     year = 2011,
   series = {Astronomical Society of the Pacific Conference Series},
   volume = 442,
   editor = {{Evans}, I.~N. and {Accomazzi}, A. and {Mink}, D.~J. and {Rots}, A.~H.
	},
    month = jul,
    pages = {579},
   adsurl = {http://ads.ari.uni-heidelberg.de/abs/2011ASPC..442..579H},
  adsnote = {Provided by the SAO/NASA Astrophysics Data System}
}

